@inproceedings{tao14fs,
  title="FlowString: Partial Streamline Matching Using Shape Invariant Similarity Measure for Exploratory Flow Visualization",
  author = "Jun Tao and Chaoli Wang and Ching-Kuang Shene",
  booktitle = "Proceedings of IEEE Pacific Visualization Symposium",
  pages="9-16",
  address = "Yokohama, Japan",
  year = "2014"
}

@article{tao14fc,
 title = "A Deformation Framework for Focus+Context Flow Visualization",
 author = "Jun Tao and Chaoli Wang and Ching-Kuang Shene and Seung Hyun Kim",
 journal = "IEEE Transactions on Visualization and Computer Graphics",
 volume="20",
 number="1",
 pages="42-55",
 year="2014"
}

@article{tao13uni,
 author = "Jun Tao and Jun Ma and Chaoli Wang and Ching-Kuang Shene",
 title = "A Unified Approach to Streamline Selection and Viewpoint Selection for {3D} Flow Visualization",
 journal = "IEEE Transactions on Visualization and Computer Graphics",
 volume = "19",
 number = "3",
 pages = "393-406",
 year = "2013"
}

@article{tao16fs,
 author = "Jun Tao and Chaoli Wang and Ching-Kuang Shene and Raymond A. Shaw",
 title = "A Vocabulary Approach to Partial Streamline Matching and Exploratory Flow Visualization",
 journal = "IEEE Transactions on Visualization and Computer Graphics",
 volume = "22",
 number = "5",
 pages = "1503-1516",
 year = "2016"
}

@inproceedings{wang16fv,
  title="Flow{V}isual: A Visualization App for Teaching and Understanding 3D Flow Field Concepts",
  author="Man Wang and Jun Tao and Jun Ma and Yang Shen and Chaoli Wang",
  booktitle="Proceedings of IS\&T Conference on Visualization and Data Analysis",
  address = "San Francisco, CA",
  year = "2016"
}

@article{guo16tvcg,
 author = "H. Guo and W. He and T. Peterka and H.-W. Shen and S. M. Collis and J. J. Helmus",
 title = "Finite-Time Lyapunov Exponents and Lagrangian Coherent Structures in Uncertain Unsteady Flows",
 journal = "IEEE Transactions on Visualization and Computer Graphics",
 year = "2016",
 note = "to appear"
}

@inproceedings{liu16pvis,
 author = "R. Liu and H. Guo and J. Zhang and X. Yuan",
 title = "Comparative Visualization of Vector Field Ensembles Based on Longest Common Subsequence",
 journal = "Proceedings of IEEE Pacific Visualization Symposium",
 year = "2016",
 note = "to appear"
}

@article{guo14tvcg,
 author = "H. Guo and J. Zhang and R. Liu and L. Liu and X. Yuan and J. Huang and X. Meng and J. Pan",
 title = "Advection-based Sparse Data Management for Visualizing Unsteady Flow",
 journal = "IEEE Transactions on Visualization and Computer Graphics",
 volume = "20",
 number = "12",
 pages = "2555-2564",
 year = "2014"
}

@article{guo13tvcg,
 author = "H. Guo and X. Yuan and J. Huang and X. Zhu",
 title = "Coupled Ensemble Flow Line Advection and Analysis",
 journal = "IEEE Transactions on Visualization and Computer Graphics",
 volume = "19",
 number = "12",
 pages = "2733-2742",
 year = "2013"
}